@inproceedings{wang2018pipeline,
  title={A Pipeline for Optimizing F1-Measure in Multi-label Text Classification},
  author={Wang, Bingyu and Li, Cheng and Pavlu, Virgil and Aslam, Jay},
  booktitle={2018 17th IEEE International Conference on Machine Learning and Applications (ICMLA)},
  pages={913--918},
  year={2018},
  organization={IEEE}
}


@inproceedings{koyejo2015consistent,
  title={Consistent multilabel classification},
  author={Koyejo, Oluwasanmi O and Natarajan, Nagarajan and Ravikumar, Pradeep K and Dhillon, Inderjit S},
  booktitle={Advances in Neural Information Processing Systems},
  pages={3321--3329},
  year={2015}
}


@inproceedings{DBLP:conf/aaai/ChenCYW18,
  author    = {Shang{-}Fu Chen and
               Yi{-}Chen Chen and
               Chih{-}Kuan Yeh and
               Yu{-}Chiang Frank Wang},
  title     = {Order-Free {RNN} With Visual Attention for Multi-Label Classification},
  booktitle = {Proceedings of the Thirty-Second {AAAI} Conference on Artificial Intelligence,
               New Orleans, Louisiana, USA, February 2-7, 2018},
  year      = {2018},
  timestamp = {Thu, 03 May 2018 17:03:19 +0200},
  bibsource = {dblp computer science bibliography, https://dblp.org}
}

@inproceedings{DBLP:conf/iccv/WangCLXL17,
  author    = {Zhouxia Wang and
               Tianshui Chen and
               Guanbin Li and
               Ruijia Xu and
               Liang Lin},
  title     = {Multi-label Image Recognition by Recurrently Discovering Attentional
               Regions},
  booktitle = {{IEEE} International Conference on Computer Vision, {ICCV} 2017, Venice,
               Italy, October 22-29, 2017},
  pages     = {464--472},
  year      = {2017},
  timestamp = {Thu, 11 Jan 2018 13:21:37 +0100},
}

@inproceedings{DBLP:conf/icpr/JinN16,
  author    = {Jiren Jin and
               Hideki Nakayama},
  title     = {Annotation order matters: Recurrent Image Annotator for arbitrary
               length image tagging},
  booktitle = {23rd International Conference on Pattern Recognition, {ICPR} 2016,
               Canc{\'{u}}n, Mexico, December 4-8, 2016},
  pages     = {2452--2457},
  year      = {2016},
  timestamp = {Wed, 24 May 2017 08:30:46 +0200},
}

@inproceedings{DBLP:conf/cvpr/WangYMHHX16,
  author    = {Jiang Wang and
               Yi Yang and
               Junhua Mao and
               Zhiheng Huang and
               Chang Huang and
               Wei Xu},
  title     = {{CNN-RNN:} {A} Unified Framework for Multi-label Image Classification},
  booktitle = {2016 {IEEE} Conference on Computer Vision and Pattern Recognition,
               {CVPR} 2016, Las Vegas, NV, USA, June 27-30, 2016},
  pages     = {2285--2294},
  year      = {2016},
  timestamp = {Tue, 20 Mar 2018 23:50:04 +0100},
}


@article{DBLP:journals/corr/ZhangWSZL16,
  author    = {Junjie Zhang and
               Qi Wu and
               Chunhua Shen and
               Jian Zhang and
               Jianfeng Lu},
  title     = {Multi-Label Image Classification with Regional Latent Semantic Dependencies},
  journal   = {CoRR},
  volume    = {abs/1612.01082},
  year      = {2016},
  archivePrefix = {arXiv},
  timestamp = {Wed, 07 Jun 2017 14:41:19 +0200},
}

@article{DBLP:journals/corr/abs-1709-08553,
  author    = {Jingya Wang and
               Xiatian Zhu and
               Shaogang Gong and
               Wei Li},
  title     = {Attribute Recognition by Joint Recurrent Learning of Context and Correlation},
  journal   = {CoRR},
  volume    = {abs/1709.08553},
  year      = {2017},
  archivePrefix = {arXiv},
  timestamp = {Thu, 05 Oct 2017 09:42:54 +0200},
}

@inproceedings{DBLP:conf/nips/NamMKF17,
  author    = {Jinseok Nam and
               Loza Menc\'{i}a, Eneldo and
               Hyunwoo J. Kim and
               Johannes F{\"{u}}rnkranz},
  title     = {Maximizing Subset Accuracy with Recurrent Neural Networks in Multi-label
               Classification},
  booktitle = {Advances in Neural Information Processing Systems 30: Annual Conference
               on Neural Information Processing Systems 2017, 4-9 December 2017,
               Long Beach, CA, {USA}},
  pages     = {5419--5429},
  year      = {2017},
  timestamp = {Mon, 27 Nov 2017 12:38:48 +0100},
}

@inproceedings{DBLP:conf/emnlp/ChoMGBBSB14,
  author    = {Kyunghyun Cho and
               Bart van Merrienboer and
               {\c{C}}aglar G{\"{u}}l{\c{c}}ehre and
               Dzmitry Bahdanau and
               Fethi Bougares and
               Holger Schwenk and
               Yoshua Bengio},
  title     = {Learning Phrase Representations using {RNN} Encoder-Decoder for Statistical
               Machine Translation},
  booktitle = {Proceedings of the 2014 Conference on Empirical Methods in Natural
               Language Processing, {EMNLP} 2014, October 25-29, 2014, Doha, Qatar,
               {A} meeting of SIGDAT, a Special Interest Group of the {ACL}},
  pages     = {1724--1734},
  year      = {2014},
  timestamp = {Sat, 15 Nov 2014 14:45:18 +0100},
}

@article{DBLP:journals/corr/BahdanauCB14,
  author    = {Dzmitry Bahdanau and
               Kyunghyun Cho and
               Yoshua Bengio},
  title     = {Neural Machine Translation by Jointly Learning to Align and Translate},
  journal   = {CoRR},
  volume    = {abs/1409.0473},
  year      = {2014},
  archivePrefix = {arXiv},
  timestamp = {Wed, 07 Jun 2017 14:40:19 +0200},
}

@article{DBLP:journals/corr/abs-1301-3781,
  author    = {Tomas Mikolov and
               Kai Chen and
               Greg Corrado and
               Jeffrey Dean},
  title     = {Efficient Estimation of Word Representations in Vector Space},
  journal   = {CoRR},
  volume    = {abs/1301.3781},
  year      = {2013},
  archivePrefix = {arXiv},
  timestamp = {Wed, 07 Jun 2017 14:42:25 +0200},
}



@article{vinyals2015order,
  author    = {Oriol Vinyals and
               Samy Bengio and
               Manjunath Kudlur},
  title     = {Order Matters: Sequence to sequence for sets},
  journal   = {CoRR},
  volume    = {abs/1511.06391},
  year      = {2016},
  archivePrefix = {arXiv},
  timestamp = {Mon, 13 Aug 2018 16:48:29 +0200},
}

@article{tsoumakas2007multi,
  title={Multi-label classification: An overview},
  author={Tsoumakas, Grigorios and Katakis, Ioannis},
  journal={International Journal of Data Warehousing and Mining (IJDWM)},
  volume={3},
  number={3},
  pages={1--13},
  year={2007},
  publisher={IGI Global}
}

@inproceedings{read2009classifier,
  title={Classifier chains for multi-label classification},
  author={Read, Jesse and Pfahringer, Bernhard and Holmes, Geoff and Frank, Eibe},
  booktitle={Joint European Conference on Machine Learning and Knowledge Discovery in Databases},
  pages={254--269},
  year={2009},
  organization={Springer}
}

@inproceedings{li2016conditional,
  title={Conditional bernoulli mixtures for multi-label classification},
  author={Li, Cheng and Wang, Bingyu and Pavlu, Virgil and Aslam, Javed},
  booktitle={International Conference on Machine Learning},
  pages={2482--2491},
  year={2016}
}

@inproceedings{ghamrawi2005collective,
  title={Collective multi-label classification},
  author={Ghamrawi, Nadia and McCallum, Andrew},
  booktitle={Proceedings of the 14th ACM international conference on Information and knowledge management},
  pages={195--200},
  year={2005},
  organization={ACM}
  }

@inproceedings{DBLP:conf/osdi/AbadiBCCDDDGIIK16,
  author    = {Mart{\'{\i}}n Abadi and
               Paul Barham and
               Jianmin Chen and
               Zhifeng Chen and
               Andy Davis and
               Jeffrey Dean and
               Matthieu Devin and
               Sanjay Ghemawat and
               Geoffrey Irving and
               Michael Isard and
               Manjunath Kudlur and
               Josh Levenberg and
               Rajat Monga and
               Sherry Moore and
               Derek Gordon Murray and
               Benoit Steiner and
               Paul A. Tucker and
               Vijay Vasudevan and
               Pete Warden and
               Martin Wicke and
               Yuan Yu and
               Xiaoqiang Zheng},
  title     = {TensorFlow: {A} System for Large-Scale Machine Learning},
  booktitle = {12th {USENIX} Symposium on Operating Systems Design and Implementation,
               {OSDI} 2016, Savannah, GA, USA, November 2-4, 2016.},
  pages     = {265--283},
  year      = {2016},
  timestamp = {Mon, 07 Nov 2016 14:38:04 +0100},
}

@article{DBLP:journals/corr/KingmaB14,
  author    = {Diederik P. Kingma and
               Jimmy Ba},
  title     = {Adam: {A} Method for Stochastic Optimization},
  journal   = {CoRR},
  volume    = {abs/1412.6980},
  year      = {2014},
  archivePrefix = {arXiv},
  timestamp = {Wed, 07 Jun 2017 14:40:52 +0200},
}

@inproceedings{DBLP:conf/nips/SutskeverVL14,
  author    = {Ilya Sutskever and
               Oriol Vinyals and
               Quoc V. Le},
  title     = {Sequence to Sequence Learning with Neural Networks},
  booktitle = {Advances in Neural Information Processing Systems 27: Annual Conference
               on Neural Information Processing Systems 2014, December 8-13 2014,
               Montreal, Quebec, Canada},
  pages     = {3104--3112},
  year      = {2014},
  timestamp = {Wed, 10 Dec 2014 21:34:12 +0100},
}


@inproceedings{liu2015optimality,
  title={On the optimality of classifier chain for multi-label classification},
  author={Liu, Weiwei and Tsang, Ivor},
  booktitle={Advances in Neural Information Processing Systems},
  pages={712--720},
  year={2015}
}

@article{wang2017regularizing,
  title={Regularizing Model Complexity and Label Structure for Multi-Label Text Classification},
  author={Wang, Bingyu and Li, Cheng and Pavlu, Virgil and Aslam, Javed},
  year={2017}
}

@article{DBLP:journals/corr/abs-1806-04822,
  author    = {Pengcheng Yang and
               Xu Sun and
               Wei Li and
               Shuming Ma and
               Wei Wu and
               Houfeng Wang},
  title     = {{SGM:} Sequence Generation Model for Multi-label Classification},
  journal   = {CoRR},
  volume    = {abs/1806.04822},
  year      = {2018},
  archivePrefix = {arXiv},
  timestamp = {Mon, 02 Jul 2018 18:15:11 +0200},
}

@article{DBLP:journals/pr/BoutellLSB04,
  author    = {Matthew R. Boutell and
               Jiebo Luo and
               Xipeng Shen and
               Christopher M. Brown},
  title     = {Learning multi-label scene classification},
  journal   = {Pattern Recognition},
  volume    = {37},
  number    = {9},
  pages     = {1757--1771},
  year      = {2004},
  timestamp = {Thu, 18 May 2017 09:54:33 +0200},
}

@techreport{lowerre1976harpy,
  title={The HARPY speech recognition system},
  author={Lowerre, Bruce T},
  year={1976},
  institution={CARNEGIE-MELLON UNIV PITTSBURGH PA DEPT OF COMPUTER SCIENCE}
}
